<record><leader>00000cas a22000007a 4500</leader><controlfield tag="001">18853670</controlfield><controlfield tag="008">881207d188118uupauwr ne      0    0eng d</controlfield><datafield ind1=" " ind2=" " tag="010"><subfield code="a">sn 89077701 </subfield></datafield><datafield ind1=" " ind2=" " tag="040"><subfield code="a">NPH</subfield><subfield code="b">eng</subfield><subfield code="c">NPH</subfield><subfield code="d">OCLCQ</subfield></datafield><datafield ind1=" " ind2=" " tag="042"><subfield code="a">msc</subfield></datafield><datafield ind1="0" ind2="4" tag="245"><subfield code="a">The Reading Sunday graphic.</subfield></datafield><datafield ind1="1" ind2="3" tag="246"><subfield code="a">Sunday graphic</subfield></datafield><datafield ind1="1" ind2="3" tag="246"><subfield code="a">Graphic</subfield></datafield><datafield ind1=" " ind2=" " tag="260"><subfield code="a">Reading, Pa. :</subfield><subfield code="b">J. Willis Dietrick,</subfield><subfield code="c">1881-</subfield></datafield><datafield ind1=" " ind2=" " tag="300"><subfield code="a">v. :</subfield><subfield code="b">ill. (chiefly advertisements) ;</subfield><subfield code="c">76 cm.</subfield></datafield><datafield ind1=" " ind2=" " tag="310"><subfield code="a">Weekly</subfield></datafield><datafield ind1="0" ind2=" " tag="362"><subfield code="a">Vol. 1, no. 1 (Apr. 17, 1881)-</subfield></datafield><datafield ind1=" " ind2=" " tag="752"><subfield code="a">United States</subfield><subfield code="b">Pennsylvania</subfield><subfield code="c">Berks</subfield><subfield code="d">Reading.</subfield></datafield></record>